@Manual{R-agricolae,
  title = {agricolae: Statistical Procedures for Agricultural Research},
  author = {Felipe {de Mendiburu}},
  year = {2021},
  note = {R package version 1.3-5},
  url = {https://CRAN.R-project.org/package=agricolae},
}

@Manual{R-AlgDesign,
  title = {AlgDesign: Algorithmic Experimental Design},
  author = {Bob Wheeler},
  year = {2022},
  note = {R package version 1.2.1},
  url = {https://github.com/jvbraun/AlgDesign},
}

@Manual{R-base,
  title = {R: A Language and Environment for Statistical Computing},
  author = {{R Core Team}},
  organization = {R Foundation for Statistical Computing},
  address = {Vienna, Austria},
  year = {2022},
  url = {https://www.R-project.org/},
}

@Manual{R-bitops,
  title = {bitops: Bitwise Operations},
  author = {Steve Dutky and Martin Maechler},
  year = {2021},
  note = {R package version 1.0-7},
  url = {https://github.com/mmaechler/R-bitops},
}

@Manual{R-bookdown,
  title = {bookdown: Authoring Books and Technical Documents with R Markdown},
  author = {Yihui Xie},
  year = {2022},
  note = {R package version 0.31},
  url = {https://CRAN.R-project.org/package=bookdown},
}

@Manual{R-broom,
  title = {broom: Convert Statistical Objects into Tidy Tibbles},
  author = {David Robinson and Alex Hayes and Simon Couch},
  year = {2022},
  note = {R package version 1.0.2},
  url = {https://CRAN.R-project.org/package=broom},
}

@Manual{R-conf.design,
  title = {conf.design: Construction of factorial designs},
  author = {Bill Venables},
  year = {2013},
  note = {R package version 2.0.0},
  url = {https://CRAN.R-project.org/package=conf.design},
}

@Manual{R-conflicted,
  title = {conflicted: An Alternative Conflict Resolution Strategy},
  author = {Hadley Wickham},
  year = {2021},
  note = {R package version 1.1.0},
  url = {https://CRAN.R-project.org/package=conflicted},
}

@Manual{R-daewr,
  title = {daewr: Design and Analysis of Experiments with R},
  author = {John Lawson and Gerhard Krennrich},
  year = {2021},
  note = {R package version 1.2-7},
  url = {https://CRAN.R-project.org/package=daewr},
}

@Manual{R-DALEX,
  title = {DALEX: moDel Agnostic Language for Exploration and eXplanation},
  author = {Przemyslaw Biecek and Szymon Maksymiuk and Hubert Baniecki},
  year = {2022},
  note = {R package version 2.4.2},
  url = {https://CRAN.R-project.org/package=DALEX},
}

@Manual{R-DALEXtra,
  title = {DALEXtra: Extension for DALEX Package},
  author = {Szymon Maksymiuk and Przemyslaw Biecek and Hubert Baniecki},
  year = {2022},
  note = {R package version 2.2.1},
  url = {https://CRAN.R-project.org/package=DALEXtra},
}

@Manual{R-dials,
  title = {dials: Tools for Creating Tuning Parameter Values},
  author = {Max Kuhn and Hannah Frick},
  year = {2022},
  note = {R package version 1.1.0},
  url = {https://CRAN.R-project.org/package=dials},
}

@Manual{R-DoE.base,
  title = {DoE.base: Full Factorials, Orthogonal Arrays and Base Utilities for DoE
Packages},
  author = {Ulrike Groemping},
  year = {2022},
  note = {R package version 1.2-1},
  url = {https://CRAN.R-project.org/package=DoE.base},
}

@Manual{R-dplyr,
  title = {dplyr: A Grammar of Data Manipulation},
  author = {Hadley Wickham and Romain François and Lionel Henry and Kirill Müller},
  year = {2022},
  note = {R package version 1.0.10},
  url = {https://CRAN.R-project.org/package=dplyr},
}

@Manual{R-factoextra,
  title = {factoextra: Extract and Visualize the Results of Multivariate Data Analyses},
  author = {Alboukadel Kassambara and Fabian Mundt},
  year = {2020},
  note = {R package version 1.0.7},
  url = {http://www.sthda.com/english/rpkgs/factoextra},
}

@Manual{R-FactoMineR,
  title = {FactoMineR: Multivariate Exploratory Data Analysis and Data Mining},
  author = {Francois Husson and Julie Josse and Sebastien Le and Jeremy Mazet},
  year = {2022},
  note = {R package version 2.7},
  url = {http://factominer.free.fr},
}

@Manual{R-flextable,
  title = {flextable: Functions for Tabular Reporting},
  author = {David Gohel and Panagiotis Skintzos},
  year = {2022},
  note = {R package version 0.8.3},
  url = {https://CRAN.R-project.org/package=flextable},
}

@Manual{R-forcats,
  title = {forcats: Tools for Working with Categorical Variables (Factors)},
  author = {Hadley Wickham},
  year = {2022},
  note = {R package version 0.5.2},
  url = {https://CRAN.R-project.org/package=forcats},
}

@Manual{R-formattable,
  title = {formattable: Create Formattable Data Structures},
  author = {Kun Ren and Kenton Russell},
  year = {2021},
  note = {R package version 0.2.1},
  url = {https://CRAN.R-project.org/package=formattable},
}

@Manual{R-FrF2,
  title = {FrF2: Fractional Factorial Designs with 2-Level Factors},
  author = {Ulrike Groemping},
  year = {2022},
  note = {R package version 2.2-3},
  url = {https://CRAN.R-project.org/package=FrF2},
}

@Manual{R-gdtools,
  title = {gdtools: Utilities for Graphical Rendering},
  author = {David Gohel and Hadley Wickham and Lionel Henry and Jeroen Ooms},
  year = {2022},
  note = {R package version 0.2.4},
  url = {https://CRAN.R-project.org/package=gdtools},
}

@Manual{R-ggcorrplot,
  title = {ggcorrplot: Visualization of a Correlation Matrix using ggplot2},
  author = {Alboukadel Kassambara},
  year = {2022},
  note = {R package version 0.1.4},
  url = {http://www.sthda.com/english/wiki/ggcorrplot-visualization-of-a-correlation-matrix-using-ggplot2},
}

@Manual{R-ggplot2,
  title = {ggplot2: Create Elegant Data Visualisations Using the Grammar of Graphics},
  author = {Hadley Wickham and Winston Chang and Lionel Henry and Thomas Lin Pedersen and Kohske Takahashi and Claus Wilke and Kara Woo and Hiroaki Yutani and Dewey Dunnington},
  year = {2022},
  note = {R package version 3.4.0},
  url = {https://CRAN.R-project.org/package=ggplot2},
}

@Manual{R-ggrepel,
  title = {ggrepel: Automatically Position Non-Overlapping Text Labels with
ggplot2},
  author = {Kamil Slowikowski},
  year = {2022},
  note = {R package version 0.9.2},
  url = {https://github.com/slowkow/ggrepel},
}

@Manual{R-ggwordcloud,
  title = {ggwordcloud: A Word Cloud Geom for ggplot2},
  author = {Erwan {Le Pennec} and Kamil Slowikowski},
  year = {2019},
  note = {R package version 0.5.0},
  url = {https://CRAN.R-project.org/package=ggwordcloud},
}

@Manual{R-gt,
  title = {gt: Easily Create Presentation-Ready Display Tables},
  author = {Richard Iannone and Joe Cheng and Barret Schloerke and Ellis Hughes and JooYoung Seo},
  year = {2022},
  note = {R package version 0.8.0},
  url = {https://CRAN.R-project.org/package=gt},
}

@Manual{R-here,
  title = {here: A Simpler Way to Find Your Files},
  author = {Kirill Müller},
  year = {2020},
  note = {R package version 1.0.1},
  url = {https://CRAN.R-project.org/package=here},
}

@Manual{R-infer,
  title = {infer: Tidy Statistical Inference},
  author = {Andrew Bray and Chester Ismay and Evgeni Chasnovski and Simon Couch and Ben Baumer and Mine Cetinkaya-Rundel},
  year = {2022},
  note = {R package version 1.0.4},
  url = {https://CRAN.R-project.org/package=infer},
}

@Manual{R-janitor,
  title = {janitor: Simple Tools for Examining and Cleaning Dirty Data},
  author = {Sam Firke},
  year = {2021},
  note = {R package version 2.1.0},
  url = {https://github.com/sfirke/janitor},
}

@Manual{R-knitr,
  title = {knitr: A General-Purpose Package for Dynamic Report Generation in R},
  author = {Yihui Xie},
  year = {2022},
  note = {R package version 1.41},
  url = {https://yihui.org/knitr/},
}

@Manual{R-lattice,
  title = {lattice: Trellis Graphics for R},
  author = {Deepayan Sarkar},
  year = {2021},
  note = {R package version 0.20-45},
  url = {http://lattice.r-forge.r-project.org/},
}

@Manual{R-missMDA,
  title = {missMDA: Handling Missing Values with Multivariate Data Analysis},
  author = {Francois Husson and Julie Josse},
  year = {2020},
  note = {R package version 1.18},
  url = {http://factominer.free.fr/missMDA/index.html},
}

@Manual{R-mixexp,
  title = {mixexp: Design and Analysis of Mixture Experiments},
  author = {John Lawson and Cameron Willden},
  year = {2022},
  note = {R package version 1.2.7},
  url = {https://CRAN.R-project.org/package=mixexp},
}

@Manual{R-modeldata,
  title = {modeldata: Data Sets Useful for Modeling Examples},
  author = {Max Kuhn},
  year = {2022},
  note = {R package version 1.0.1},
  url = {https://CRAN.R-project.org/package=modeldata},
}

@Manual{R-modelStudio,
  title = {modelStudio: Interactive Studio for Explanatory Model Analysis},
  author = {Hubert Baniecki and Przemyslaw Biecek},
  year = {2022},
  note = {R package version 3.1.0},
  url = {https://CRAN.R-project.org/package=modelStudio},
}

@Manual{R-mschart,
  title = {mschart: Chart Generation for Microsoft Word and Microsoft PowerPoint
Documents},
  author = {David Gohel},
  year = {2022},
  note = {R package version 0.4.0},
  url = {https://CRAN.R-project.org/package=mschart},
}

@Manual{R-naniar,
  title = {naniar: Data Structures, Summaries, and Visualisations for Missing Data},
  author = {Nicholas Tierney and Di Cook and Miles McBain and Colin Fay},
  year = {2021},
  note = {R package version 0.6.1},
  url = {https://github.com/njtierney/naniar},
}

@Manual{R-officer,
  title = {officer: Manipulation of Microsoft Word and PowerPoint Documents},
  author = {David Gohel},
  year = {2022},
  note = {R package version 0.5.0},
  url = {https://CRAN.R-project.org/package=officer},
}

@Manual{R-openxlsx,
  title = {openxlsx: Read, Write and Edit xlsx Files},
  author = {Philipp Schauberger and Alexander Walker},
  year = {2022},
  note = {R package version 4.2.5.1},
  url = {https://CRAN.R-project.org/package=openxlsx},
}

@Manual{R-parsnip,
  title = {parsnip: A Common API to Modeling and Analysis Functions},
  author = {Max Kuhn and Davis Vaughan},
  year = {2022},
  note = {R package version 1.0.3},
  url = {https://CRAN.R-project.org/package=parsnip},
}

@Manual{R-patchwork,
  title = {patchwork: The Composer of Plots},
  author = {Thomas Lin Pedersen},
  year = {2022},
  note = {R package version 1.1.2},
  url = {https://CRAN.R-project.org/package=patchwork},
}

@Manual{R-purrr,
  title = {purrr: Functional Programming Tools},
  author = {Hadley Wickham and Lionel Henry},
  year = {2022},
  note = {R package version 1.0.0},
  url = {https://CRAN.R-project.org/package=purrr},
}

@Manual{R-pwr,
  title = {pwr: Basic Functions for Power Analysis},
  author = {Stephane Champely},
  year = {2020},
  note = {R package version 1.3-0},
  url = {https://github.com/heliosdrm/pwr},
}

@Manual{R-ranger,
  title = {ranger: A Fast Implementation of Random Forests},
  author = {Marvin N. Wright and Stefan Wager and Philipp Probst},
  year = {2022},
  note = {R package version 0.14.1},
  url = {https://github.com/imbs-hl/ranger},
}

@Manual{R-rattle,
  title = {rattle: Graphical User Interface for Data Science in R},
  author = {Graham Williams},
  year = {2022},
  note = {R package version 5.5.1},
  url = {https://rattle.togaware.com/},
}

@Manual{R-readr,
  title = {readr: Read Rectangular Text Data},
  author = {Hadley Wickham and Jim Hester and Jennifer Bryan},
  year = {2022},
  note = {R package version 2.1.3},
  url = {https://CRAN.R-project.org/package=readr},
}

@Manual{R-readxl,
  title = {readxl: Read Excel Files},
  author = {Hadley Wickham and Jennifer Bryan},
  year = {2022},
  note = {R package version 1.4.1},
  url = {https://CRAN.R-project.org/package=readxl},
}

@Manual{R-recipes,
  title = {recipes: Preprocessing and Feature Engineering Steps for Modeling},
  author = {Max Kuhn and Hadley Wickham},
  year = {2022},
  note = {R package version 1.0.3},
  url = {https://CRAN.R-project.org/package=recipes},
}

@Manual{R-rmarkdown,
  title = {rmarkdown: Dynamic Documents for R},
  author = {JJ Allaire and Yihui Xie and Jonathan McPherson and Javier Luraschi and Kevin Ushey and Aron Atkins and Hadley Wickham and Joe Cheng and Winston Chang and Richard Iannone},
  year = {2022},
  note = {R package version 2.19},
  url = {https://CRAN.R-project.org/package=rmarkdown},
}

@Manual{R-rsample,
  title = {rsample: General Resampling Infrastructure},
  author = {Hannah Frick and Fanny Chow and Max Kuhn and Michael Mahoney and Julia Silge and Hadley Wickham},
  year = {2022},
  note = {R package version 1.1.1},
  url = {https://CRAN.R-project.org/package=rsample},
}

@Manual{R-RVerbalExpressions,
  title = {RVerbalExpressions: Create Regular Expressions Easily},
  author = {Tyler Littlefield},
  year = {2019},
  note = {R package version 0.1.0},
  url = {https://github.com/tyluRp/RVerbalExpressions},
}

@Manual{R-rvg,
  title = {rvg: R Graphics Devices for Office Vector Graphics Output},
  author = {David Gohel},
  year = {2022},
  note = {R package version 0.3.1},
  url = {https://CRAN.R-project.org/package=rvg},
}

@Manual{R-scales,
  title = {scales: Scale Functions for Visualization},
  author = {Hadley Wickham and Dana Seidel},
  year = {2022},
  note = {R package version 1.2.1},
  url = {https://CRAN.R-project.org/package=scales},
}

@Manual{R-SensoMineR,
  title = {SensoMineR: Sensory Data Analysis},
  author = {Francois Husson and Sebastien Le and Marine Cadoret},
  year = {2020},
  note = {R package version 1.26},
  url = {http://sensominer.free.fr},
}

@Manual{R-sensR,
  title = {sensR: Thurstonian Models for Sensory Discrimination},
  author = {Rune Haubo Bojesen Christensen and Per Bruun Brockhoff},
  year = {2020},
  note = {R package version 1.5-2},
  url = {https://github.com/perbrock/sensR},
}

@Manual{R-simputation,
  title = {simputation: Simple Imputation},
  author = {Mark {van der Loo}},
  year = {2022},
  note = {R package version 0.2.8},
  url = {https://github.com/markvanderloo/simputation},
}

@Manual{R-SnowballC,
  title = {SnowballC: Snowball Stemmers Based on the C libstemmer UTF-8 Library},
  author = {Milan Bouchet-Valat},
  year = {2020},
  note = {R package version 0.7.0},
  url = {https://github.com/nalimilan/R.TeMiS},
}

@Manual{R-spacyr,
  title = {spacyr: Wrapper to the spaCy 'NLP' Library},
  author = {Kenneth Benoit and Akitaka Matsuo},
  year = {2020},
  note = {R package version 1.2.1},
  url = {https://spacyr.quanteda.io},
}

@Manual{R-stopwords,
  title = {stopwords: Multilingual Stopword Lists},
  author = {Kenneth Benoit and David Muhr and Kohei Watanabe},
  year = {2021},
  note = {R package version 2.3},
  url = {https://github.com/quanteda/stopwords},
}

@Manual{R-stringr,
  title = {stringr: Simple, Consistent Wrappers for Common String Operations},
  author = {Hadley Wickham},
  year = {2022},
  note = {R package version 1.5.0},
  url = {https://CRAN.R-project.org/package=stringr},
}

@Manual{R-tibble,
  title = {tibble: Simple Data Frames},
  author = {Kirill Müller and Hadley Wickham},
  year = {2022},
  note = {R package version 3.1.8},
  url = {https://CRAN.R-project.org/package=tibble},
}

@Manual{R-tidymodels,
  title = {tidymodels: Easily Install and Load the Tidymodels Packages},
  author = {Max Kuhn and Hadley Wickham},
  year = {2022},
  note = {R package version 1.0.0},
  url = {https://CRAN.R-project.org/package=tidymodels},
}

@Manual{R-tidyr,
  title = {tidyr: Tidy Messy Data},
  author = {Hadley Wickham and Maximilian Girlich},
  year = {2022},
  note = {R package version 1.2.1},
  url = {https://CRAN.R-project.org/package=tidyr},
}

@Manual{R-tidytext,
  title = {tidytext: Text Mining using dplyr, ggplot2, and Other Tidy Tools},
  author = {David Robinson and Julia Silge},
  year = {2022},
  note = {R package version 0.4.0},
  url = {https://github.com/juliasilge/tidytext},
}

@Manual{R-tidyverse,
  title = {tidyverse: Easily Install and Load the Tidyverse},
  author = {Hadley Wickham},
  year = {2022},
  note = {R package version 1.3.2},
  url = {https://CRAN.R-project.org/package=tidyverse},
}

@Manual{R-tune,
  title = {tune: Tidy Tuning Tools},
  author = {Max Kuhn},
  year = {2022},
  note = {R package version 1.0.1},
  url = {https://CRAN.R-project.org/package=tune},
}

@Manual{R-visdat,
  title = {visdat: Preliminary Visualisation of Data},
  author = {Nicholas Tierney},
  year = {2019},
  note = {R package version 0.5.3},
  url = {https://CRAN.R-project.org/package=visdat},
}

@Manual{R-workflows,
  title = {workflows: Modeling Workflows},
  author = {Davis Vaughan and Simon Couch},
  year = {2022},
  note = {R package version 1.1.2},
  url = {https://CRAN.R-project.org/package=workflows},
}

@Manual{R-workflowsets,
  title = {workflowsets: Create a Collection of tidymodels Workflows},
  author = {Max Kuhn and Simon Couch},
  year = {2022},
  note = {R package version 1.0.0},
  url = {https://CRAN.R-project.org/package=workflowsets},
}

@Manual{R-yardstick,
  title = {yardstick: Tidy Characterizations of Model Performance},
  author = {Max Kuhn and Davis Vaughan and Emil Hvitfeldt},
  year = {2022},
  note = {R package version 1.1.0},
  url = {https://CRAN.R-project.org/package=yardstick},
}

@Book{bookdown2016,
  title = {bookdown: Authoring Books and Technical Documents with {R} Markdown},
  author = {Yihui Xie},
  publisher = {Chapman and Hall/CRC},
  address = {Boca Raton, Florida},
  year = {2016},
  note = {ISBN 978-1138700109},
  url = {https://bookdown.org/yihui/bookdown},
}

@Article{DALEX2018,
  title = {DALEX: Explainers for Complex Predictive Models in R},
  author = {Przemyslaw Biecek},
  journal = {Journal of Machine Learning Research},
  year = {2018},
  volume = {19},
  pages = {1-5},
  number = {84},
  url = {https://jmlr.org/papers/v19/18-416.html},
}

@Article{DALEXtra2020,
  title = {Landscape of R packages for eXplainable Artificial Intelligence},
  author = {Szymon Maksymiuk and Alicja Gosiewska and Przemyslaw Biecek},
  year = {2020},
  journal = {arXiv},
  url = {https://arxiv.org/abs/2009.13248},
  note = {Pages 6, 7, 11, 15},
}

@Article{DoE.base2018,
  title = {{R} Package {DoE.base} for Factorial Experiments},
  author = {Ulrike Gr{\"o}mping},
  journal = {Journal of Statistical Software},
  year = {2018},
  volume = {85},
  number = {5},
  pages = {1--41},
  doi = {10.18637/jss.v085.i05},
}

@Article{FactoMineR2008,
  title = {{FactoMineR}: A Package for Multivariate Analysis},
  author = {S\'ebastien L\^e and Julie Josse and Fran\c{c}ois Husson},
  journal = {Journal of Statistical Software},
  year = {2008},
  volume = {25},
  number = {1},
  pages = {1--18},
  doi = {10.18637/jss.v025.i01},
}

@Article{FrF22014,
  title = {{R} Package {FrF2} for Creating and Analyzing Fractional Factorial 2-Level Designs},
  author = {Ulrike Gr"omping},
  journal = {Journal of Statistical Software},
  year = {2014},
  volume = {56},
  number = {1},
  pages = {1--56},
  url = {https://www.jstatsoft.org/v56/i01/},
}

@Book{ggplot22016,
  author = {Hadley Wickham},
  title = {ggplot2: Elegant Graphics for Data Analysis},
  publisher = {Springer-Verlag New York},
  year = {2016},
  isbn = {978-3-319-24277-4},
  url = {https://ggplot2.tidyverse.org},
}

@Article{infer2021,
  title = {{infer}: An {R} package for tidyverse-friendly statistical inference},
  author = {Simon P. Couch and Andrew P. Bray and Chester Ismay and Evgeni Chasnovski and Benjamin S. Baumer and Mine Çetinkaya-Rundel},
  journal = {Journal of Open Source Software},
  year = {2021},
  volume = {6},
  number = {65},
  pages = {3661},
  doi = {10.21105/joss.03661},
}

@Book{knitr2015,
  title = {Dynamic Documents with {R} and knitr},
  author = {Yihui Xie},
  publisher = {Chapman and Hall/CRC},
  address = {Boca Raton, Florida},
  year = {2015},
  edition = {2nd},
  note = {ISBN 978-1498716963},
  url = {https://yihui.org/knitr/},
}

@InCollection{knitr2014,
  booktitle = {Implementing Reproducible Computational Research},
  editor = {Victoria Stodden and Friedrich Leisch and Roger D. Peng},
  title = {knitr: A Comprehensive Tool for Reproducible Research in {R}},
  author = {Yihui Xie},
  publisher = {Chapman and Hall/CRC},
  year = {2014},
  note = {ISBN 978-1466561595},
  url = {http://www.crcpress.com/product/isbn/9781466561595},
}

@Book{lattice2008,
  title = {Lattice: Multivariate Data Visualization with R},
  author = {Deepayan Sarkar},
  publisher = {Springer},
  address = {New York},
  year = {2008},
  note = {ISBN 978-0-387-75968-5},
  url = {http://lmdvr.r-forge.r-project.org},
}

@Article{missMDA2016,
  title = {{missMDA}: A Package for Handling Missing Values in Multivariate Data Analysis},
  author = {Julie Josse and Fran\c{c}ois Husson},
  journal = {Journal of Statistical Software},
  year = {2016},
  volume = {70},
  number = {1},
  pages = {1--31},
  doi = {10.18637/jss.v070.i01},
}

@Article{mixexp2016,
  title = {Mixture Experiments in {R} Using {mixexp}},
  author = {John Lawson and Cameron Willden},
  journal = {Journal of Statistical Software, Code Snippets},
  year = {2016},
  volume = {72},
  number = {2},
  pages = {1--20},
  doi = {10.18637/jss.v072.c02},
}

@Article{modelStudio,
  author = {Hubert Baniecki and Przemyslaw Biecek},
  title = {{modelStudio}: Interactive Studio with Explanations for {ML} Predictive Models},
  doi = {10.21105/joss.01798},
  url = {https://doi.org/10.21105/joss.01798},
  year = {2019},
  month = {Nov},
  volume = {4},
  number = {43},
  pages = {1798},
  publisher = {The Open Journal},
  journal = {Journal of Open Source Software},
}

@Article{ranger2017,
  title = {{ranger}: A Fast Implementation of Random Forests for High Dimensional Data in {C++} and {R}},
  author = {Marvin N. Wright and Andreas Ziegler},
  journal = {Journal of Statistical Software},
  year = {2017},
  volume = {77},
  number = {1},
  pages = {1--17},
  doi = {10.18637/jss.v077.i01},
}

@Book{rattle2011,
  title = {Data Mining with {Rattle} and {R}: The art of excavating data for knowledge discovery},
  author = {Graham J. Williams},
  publisher = {Springer},
  series = {Use R!},
  year = {2011},
  url = {https://rd.springer.com/book/10.1007/978-1-4419-9890-3},
}

@Book{rmarkdown2018,
  title = {R Markdown: The Definitive Guide},
  author = {Yihui Xie and J.J. Allaire and Garrett Grolemund},
  publisher = {Chapman and Hall/CRC},
  address = {Boca Raton, Florida},
  year = {2018},
  note = {ISBN 9781138359338},
  url = {https://bookdown.org/yihui/rmarkdown},
}

@Book{rmarkdown2020,
  title = {R Markdown Cookbook},
  author = {Yihui Xie and Christophe Dervieux and Emily Riederer},
  publisher = {Chapman and Hall/CRC},
  address = {Boca Raton, Florida},
  year = {2020},
  note = {ISBN 9780367563837},
  url = {https://bookdown.org/yihui/rmarkdown-cookbook},
}

@Manual{tidymodels2020,
  title = {Tidymodels: a collection of packages for modeling and machine learning using tidyverse principles.},
  author = {Max Kuhn and Hadley Wickham},
  url = {https://www.tidymodels.org},
  year = {2020},
}

@Article{tidytext2016,
  title = {tidytext: Text Mining and Analysis Using Tidy Data Principles in R},
  author = {Julia Silge and David Robinson},
  doi = {10.21105/joss.00037},
  url = {http://dx.doi.org/10.21105/joss.00037},
  year = {2016},
  publisher = {The Open Journal},
  volume = {1},
  number = {3},
  journal = {JOSS},
}

@Article{tidyverse2019,
  title = {Welcome to the {tidyverse}},
  author = {Hadley Wickham and Mara Averick and Jennifer Bryan and Winston Chang and Lucy D'Agostino McGowan and Romain François and Garrett Grolemund and Alex Hayes and Lionel Henry and Jim Hester and Max Kuhn and Thomas Lin Pedersen and Evan Miller and Stephan Milton Bache and Kirill Müller and Jeroen Ooms and David Robinson and Dana Paige Seidel and Vitalie Spinu and Kohske Takahashi and Davis Vaughan and Claus Wilke and Kara Woo and Hiroaki Yutani},
  year = {2019},
  journal = {Journal of Open Source Software},
  volume = {4},
  number = {43},
  pages = {1686},
  doi = {10.21105/joss.01686},
}

@Article{visdat2017,
  title = {visdat: Visualising Whole Data Frames},
  author = {Nicholas Tierney},
  doi = {10.21105/joss.00355},
  url = {http://dx.doi.org/10.21105/joss.00355},
  year = {2017},
  publisher = {Journal of Open Source Software},
  volume = {2},
  number = {16},
  pages = {355},
  journal = {JOSS},
}

