@book{bryan2018happy,
  title={Happy Git and GitHub for the useR},
  author={Bryan, Jennifer},
  year={2018},
  publisher={GitHub}
}

@book{gillespie2016efficient,
  title={Efficient R programming: a practical guide to smarter programming},
  author={Gillespie, Colin and Lovelace, Robin},
  year={2016},
  publisher={" O'Reilly Media, Inc."}
}

@book{norman2013design,
  title={The design of everyday things: Revised and expanded edition},
  author={Norman, Don},
  year={2013},
  publisher={Basic books}
}